<?xml version="1.0" encoding="UTF-8"?><collection xmlns="http://www.loc.gov/MARC21/slim"><record><leader>00412nam--2200121-i-4500</leader><controlfield tag="001">000005644</controlfield><controlfield tag="002">20161230</controlfield><controlfield tag="005">20161230201026</controlfield><controlfield tag="008">060222s1000------------r-----000-0-eng-d</controlfield><datafield ind1=" " ind2=" " tag="100"><subfield code="a">Barraud, Jean</subfield></datafield><datafield ind1=" " ind2=" " tag="245"><subfield code="a">Principes de radiocristallographie. identifi- cation des corps et determination de leur structure par la diffraction des rayons x</subfield></datafield><datafield ind1=" " ind2=" " tag="260"><subfield code="a">Paris, Masson Et C-ie, Editeurs, 1960 Xi + 236 P</subfield></datafield><datafield ind1=" " ind2=" " tag="852"><subfield code="a">16824</subfield></datafield></record></collection>